2504 3184
648 600 1673 666 EXORDIUM.

427 805 587 897 Nihss
627 855 684 885 est
737 855 813 885 tam
846 843 1106 893 decantatum,
1143 840 1236 882 nihil
1276 852 1352 882 tam
1392 845 1587 897 cognitum
1618 844 1818 893 omnibus,
1853 855 1901 885 ac

439 901 724 956 pervulgatum,
764 900 839 942 five
880 901 1126 953 jurisperitis,
1170 897 1243 939 (ive
1281 900 1445 941 oratoria
1475 899 1587 941 laude
1624 900 1900 941 excellentibus

439 956 558 1005 viris,
607 957 681 997 five
716 955 880 1008 denique
914 955 1180 1008 Philosophiae
1211 954 1447 1006 cultoribus,
1495 968 1633 1010 quam,
1674 956 1904 998 Marcum

439 1011 663 1053 Tullium
692 1012 1024 1062 Ciceronem,
1049 1011 1242 1054 consulem
1273 1012 1519 1062 Romanum,
1553 1014 1731 1055 omnibus
1760 1013 1900 1065 ingenii

445 1068 625 1117 dotibus,
654 1066 829 1111 om'nibus
853 1070 966 1109 animi
1001 1068 1200 1110 virtutibus
1226 1067 1466 1118 instrue'tuzm
1508 1069 1632 1110 civem
1683 1071 1872 1120 optimum
1890 1095 1907 1115 ‚

445 1136 592 1175 patrem
629 1126 792 1176 patriae,
836 1124 1117 1165 instauratorem
1157 1122 1412 1175 Reipublicae
1447 1124 1651 1173 exstitisse3
1697 1124 1805 1175 cujus
1829 1134 1908 1178 ego

443 1179 596 1228 laudes,
625 1180 651 1218 ss
685 1191 802 1221 coner
836 1181 1052 1228 celebrare,
1090 1193 1167 1222 non
1201 1178 1320 1224 solum
1358 1181 1674 1233 supervacaneum
1714 1192 1814 1231 opus
1843 1190 1910 1232 ag·

446 1236 672 1290 gessurus,
703 1234 764 1275 sed
799 1239 910 1277 etiam
941 1238 1038 1279 vires
1069 1248 1170 1279 meas
1195 1235 1408 1289 juveniles,
1436 1236 1693 1289 nequidquam
1721 1235 1912 1288 impensu-

451 1304 516 1332 rus
533 1293 684 1340 videar,
711 1304 799 1331 cum
817 1293 893 1344 jam
912 1305 932 1333 a
955 1294 1082 1335 multis
1100 1293 1188 1335 viris
1205 1293 1348 1343 docilis,
1376 1293 1536 1334 Marci
1558 1291 1724 1333 Tullii
1753 1291 1910 1333 laudum

450 1347 667 1400 praeconiis
690 1346 913 1388 {misfactum
939 1350 1018 1390 esse
1047 1351 1215 1390 arbitrer.
1271 1349 1402 1400 Quare
1419 1351 1548 1400 potius
1575 1359 1664 1388 cum
1692 1347 1740 1390 de
1769 1346 1914 1390 Cice-

418 1436 423 1440 .
446 1405 593 1444 ronis
621 1405 791 1444 oratione
818 1416 890 1456 pro
924 1403 1159 1454 Plancio,
1195 1404 1513 1457 qualemcumque
1536 1403 1818 1455 conscripturus
1844 1404 1911 1443 sim

443 1458 779 1509 Disputationem‚
808 1471 886 1496 non
924 1461 1101 1506 equidem
1144 1461 1193 1496 de
1218 1461 1495 1498 Ciceronis
1535 1460 1610 1496 vita
1650 1470 1715 1495 aut
1764 1459 1913 1508 scriptis

447 1514 656 1565 quidquam
687 1512 912 1566 explicabo,
940 1512 1003 1552 sed
1038 1514 1115 1553 hoc
1146 1512 1224 1553 uno
1264 1512 1470 1564 defungart,
1498 1523 1542 1552 ut
1567 1512 1664 1550 hanc
1691 1514 1915 1552 Orationem

453 1581 532 1610 non
571 1580 714 1620 tantum
754 1565 1091 1613 luculentisfimum
1125 1568 1367 1620 eloquentiae
1395 1564 1669 1611 Ciceronis
1696 1567 1916 1620 exemplum

452 1637 667 1679 proponam
686 1653 700 1673 ‚
739 1624 802 1664 sed
828 1621 1068 1664 manifestum
1102 1625 1218 1666 etiam
1249 1622 1543 1671 documentum,
1582 1634 1661 1663 non
1695 1627 1814 1679 magis
1842 1624 1920 1664 do-

447 1685 575 1731 stum,
604 1692 643 1722 et
661 1680 873 1728 eruditum,
909 1691 1022 1730 quam
1048 1680 1192 1722 bonum
1212 1683 1333 1722 virum
1365 1678 1477 1721 fuisse
1504 1681 1820 1729 Ciceronem3
1849 1682 1920 1733 qui

447 1749 538 1780 cum
567 1739 604 1777 in
624 1736 767 1787 reiiqua
789 1737 885 1778 vita.
916 1746 995 1773 tum
1018 1746 1059 1774 et
1081 1738 1117 1775 in
1154 1736 1226 1776 hac
1251 1734 1457 1776 Plancii
1486 1735 1614 1777 caussa
1652 1735 1917 1788 defendenda,

450 1794 654 1834 ostenderit
669 1820 681 1836 ..
711 1792 888 1831 omnibus
906 1788 943 1828 se
967 1790 1167 1839 praeclaris
1185 1791 1300 1830 animi
1320 1792 1523 1832 virtutibus
1542 1791 1769 1837 abundasse,
1797 1792 1917 1832 bene·

448 1849 626 1889 ficiorum
660 1847 846 1898 inprimis
861 1855 1052 1894 nunquam
1079 1846 1339 1886 immemorem
1360 1846 1408 1885 ab
1432 1847 1515 1887 aliis
1530 1846 1918 1898 acceptorum2Naru

451 1904 545 1950 licet
572 1902 767 1953 Cicero
798 1901 950 1944 summis
979 1901 1086 1955 saepe
1113 1899 1228 1944 fuerit
1248 1900 1407 1947 affiistus
1437 1905 1738 1952 calamitatibus,
1768 1906 1916 1955 semper

452 1963 549 2017 grati
589 1960 704 2004 animi
739 1959 1069 2011 fignificationem‚
1102 1960 1302 2008 omnibus,
1330 1959 1398 2009 qui
1444 1960 1504 2003 vel
1548 1959 1820 2012 aliquantulum
1849 1960 1919 2013 ipfi

455 2016 706 2072 profuissent.
738 2014 918 2063 ostendit,
949 2025 1011 2061 et,
1035 2014 1059 2055 fi
1085 2026 1161 2065 qua
1187 2016 1332 2057 ratione
1350 2018 1495 2066 posset,
1528 2019 1673 2068 semper
1697 2019 1924 2070 amplissime

455 2073 658 2127 ''rependit3
691 2069 794 2125 Quis
820 2070 921 2112 enim
948 2080 1028 2117 est,
1066 2072 1134 2121 qui
1171 2082 1248 2110 non
1271 2071 1348 2111 fine
1386 2075 1500 2113 animi
1525 2072 1685 2124 quadam
1719 2074 1818 2123 quafi
1851 2084 1921 2111 vo-

456 2131 601 2182 luptate
626 2129 733 2181 legat,
752 2128 962 2172 mationa,
1000 2138 1094 2178 quas
1134 2126 1266 2166 habuit
1295 2128 1352 2167 ad
1387 2127 1585 2184 Quirites,
1625 2139 1664 2167 et
1704 2129 1744 2167 in
1773 2130 1924 2169 Senatu

461 2195 547 2244 post
571 2186 739 2237 ‘reditum
770 2182 873 2236 (1),
921 2193 986 2222 aut
1034 2196 1111 2224 tam
1134 2183 1270 2223 multas
1312 2186 1351 2222 in
1373 2184 1472 2224 hbro
1512 2182 1620 2223 xm.
1665 2185 1925 2236 Epistularum

1854 2241 1927 2281 Di-

514 2371 581 2418 (1)
603 2373 683 2407 Non
705 2372 862 2414 equidem
895 2369 1016 2414 ign‘oro
1056 2373 1146 2413 esse,
1169 2373 1227 2415 qui
1270 2374 1330 2414 ¹¹²8.
1363 2374 1538 2409 Oretimes
1562 2376 1771 2410 Ciceroni
1796 2375 1929 2418 abjudi-

467 2424 564 2455 cent,
590 2416 646 2449 sed
665 2417 764 2449 nobis
790 2417 925 2458 quidem
951 2417 1139 2452 Gesneri
1163 2417 1227 2450 viri
1253 2418 1387 2459 summi,
1417 2420 1585 2452 asserentis
1609 2429 1663 2453 cns
1686 2421 1931 2465 Ciceroni,

463 2460 621 2506 rationes,
670 2461 793 2503 lunge,
824 2463 1030 2505 multumque
1066 2460 1221 2496 antistare
1253 2463 1342 2498 visae
1377 2462 1451 2498 sunt
1480 2464 1586 2498 acutis
1625 2462 1930 2506 conciufiunculis‚

1180 2510 1218 2547 A
1853 2510 1930 2549 qui.
