2504 3184
570 341 629 397 '38
934 344 1678 384 Dtsrur'A‘rro

577 506 657 543 tur,
668 492 748 537 Cn.
759 491 931 535 Lentulo
939 493 1168 536 Marcellino
1186 506 1222 536 et
1236 494 1285 535 L.
1299 494 1451 536 Marcio
1467 491 1648 545 Philippo
1660 490 1757 535 cosfi
1774 493 1802 534 i.
1816 494 1911 538 e.A.
1922 494 1976 536 U.
1986 496 2043 539 C}

582 562 833 594 ncnttxxxvn.
866 564 954 591 cum
986 565 1020 591 a.
1055 553 1090 590 d.
1119 564 1157 591 iv
1183 552 1271 591 Idus
1307 550 1502 591 Februarii
1529 549 1680 591 Sextius
1711 551 1759 590 ab
1792 550 1917 592 indice
1957 551 2036 596 Cn.

584 606 709 648 Nerio
743 606 789 644 de
823 606 994 657 ambitu,
1022 617 1061 646 et
1088 606 1223 647 eodem
1253 608 1314 646 die
1349 619 1369 646 a
1393 608 1559 657 quodam
1593 606 1730 647 Marco
1757 605 1889 648 Tullio
1919 607 1966 647 de
2003 609 2043 649 vi

588 662 710 701 fuerat
730 660 1010 712 expostul.·tus‚
1050 663 1421 703 Senatusccnsultum
1446 662 1585 702 factum
1610 674 1687 701 est:
1731 689 1760 710 ,‚
1789 673 1839 701 ut
1868 663 2048 703 sodali-

583 728 735 769 tates,
766 718 1130 771 decuriatique
1163 719 1514 762 discederent:
1545 719 1745 772 Lexque
1773 717 1829 758 de
1859 718 1921 759 iis
1949 716 2046 761 fer-

580 784 752 823 retur,
777 785 852 819 ut,
883 778 1089 826 quinon
1120 778 1502 821 discessissent,
1530 789 1584 816 ea
1613 788 1791 826 poena,
1820 786 1941 825 quae
1967 787 2044 815 est

582 826 640 872 de
667 831 739 882 vi,
765 842 1063 873 tenerentur
1092 831 1182 887 (4).
1241 833 1294 874 At
1326 843 1414 873 cum
1441 832 1535 872 haec
1565 832 1628 873 lex
1659 843 1736 874 non
1767 829 1851 873 satis
1881 828 2046 883 valeret,

588 887 637 923 ad
665 887 865 927 hominum
888 891 1034 926 animos
1060 900 1081 925 a
1102 889 1259 928 sodalitii
1290 888 1429 927 scelere
1455 887 1720 933 devellendos.
1752 890 1918 939 sequenti
1942 900 2044 928 auno

581 943 612 980 i.
644 955 680 983 e.
698 943 754 984 U.
784 945 836 984 C.
864 957 1134 985 nchxxxvnr.
1149 944 1226 985 Cn.
1247 944 1433 995 Pompeio
1450 944 1619 995 Magno,
1661 958 1700 984 et
1724 943 1863 983 Marco
1892 944 2047 984 Licinio

590 995 732 1038 Crasso
757 999 892 1037 iterum
917 999 1017 1041 coss.
1035 1000 1189 1054 gravior
1212 1010 1336 1053 poena
1359 997 1557 1040 constituta
1587 999 1700 1039 estin
1716 1007 1811 1046 eoS,
1841 999 1909 1049 qui
1933 999 2046 1053 largi·

585 1053 730 1092 tionem
748 1054 941 1101 fecissent,
967 1056 1075 1105 quali
1095 1067 1185 1095 vero
1202 1056 1267 1107 ipfi
1293 1057 1416 1094 minus
1448 1054 1711 1106 deliquissent,
1740 1054 1847 1105 quod
1874 1066 1950 1093 non
1977 1066 2047 1105 pe-

586 1110 716 1158 cunia,
737 1108 797 1151 sed
816 1109 868 1159 vi,
889 1111 926 1151 id
942 1123 1000 1151 ese
1027 1110 1261 1152 lodalitatum
1291 1112 1589 1164 conscriptione,
1621 1121 1660 1150 ct
1681 1109 1942 1150 decuriatione
1971 1120 2048 1149 ma-

582 1166 782 1218 gistratum
798 1163 924 1218 adepti
940 1168 1060 1207 essent
1079 1169 1184 1219 (5),
1212 1179 1249 1206 et
1271 1168 1360 1207 hinc
1382 1179 1431 1206 eo
1450 1179 1550 1207 anno
1568 1165 1642 1205 lata
1657 1177 1714 1205 est
1732 1165 1798 1206 lex
1817 1164 1881 1203 illa
1900 1176 2051 1205 memo-

585 1220 715 1263 rabilis
742 1221 789 1261 de
816 1219 999 1264 sodalitiis
1018 1235 1039 1262 a
1057 1223 1119 1263 M.
1138 1223 1289 1262 Licinio
1305 1221 1443 1263 Crasso
1466 1221 1623 1264 Licinia
1650 1221 1747 1262 dieta
1778 1220 1859 1275 (6)
1874 1248 1887 1267 ‚
1918 1232 2049 1272 quam-

589 1289 704 1328 quam
724 1276 856 1327 multi,
880 1292 918 1319 et
947 1279 1026 1319 fere
1051 1291 1185 1320 ornnes
1215 1282 1435 1328 interpretes
1463 1280 1676 1319 dissentiant
1703 1277 1750 1316 de
1768 1288 1941 1327 tempore
1966 1289 2049 1327 quo

582 1331 733 1374 lataest
747 1333 887 1382 calex,
918 1346 1043 1374 utrum
1055 1335 1277 1386 nempessffl.
1298 1334 1350 1378 U.
1365 1335 1416 1375 C.
1435 1346 1674 1377 nctxxxxvn
1691 1362 1705 1384 ‚
1735 1344 1781 1372 an
1793 1342 2045 1373 nchxxxvrrt

581 1386 659 1426 lata
684 1388 751 1435 liu,
777 1387 871 1426 haec
899 1399 1023 1427 tamen
1044 1390 1158 1426 dubia
1184 1390 1364 1427 sententia
1390 1403 1439 1428 ex
1458 1392 1752 1438 computatione
1780 1400 1962 1428 annorum
1995 1390 2053 1431 vio?

578 1441 696 1484 detur
722 1454 823 1491 orta,
855 1455 943 1484 cum
975 1455 1107 1484 omnes
1133 1443 1169 1482 in
1191 1452 1239 1480 eo
1261 1442 1519 1490 consentiant,
1549 1443 1617 1482 sub
1640 1440 1701 1481 M.
1728 1439 1883 1481 Licinio
1907 1441 2048 1483 Crasso

578 1510 621 1539 et
649 1501 729 1538 Cn.
759 1499 949 1550 Pompejo
973 1512 1135 1552 magno,
1176 1498 1272 1536 hane
1300 1497 1426 1550 legem
1455 1500 1619 1549 primum
1653 1495 1874 1541 invaluisse,
1914 1509 1954 1537 et
1982 1499 2054 1538 hos

583 1553 761 1594 consules
784 1556 863 1595 A0.
889 1553 944 1594 U.
973 1551 1023 1595 C.
1048 1563 1314 1602 Dcnxxxxvn,
1353 1553 1416 1593 alii
1449 1565 1541 1593 vero
1578 1552 1638 1592 a0.
1665 1561 1936 1592 nctxxxxvrrr.
1964 1563 2051 1606 reg-

586 1611 694 1650 nasse
727 1623 874 1663 putent.
964 1611 1049 1652 Imo
1075 1621 1174 1650 anno
1204 1610 1442 1650 antecedenti
1480 1620 1568 1648 cum
1592 1606 1783 1647 Lentulus
1805 1605 2054 1648 Marcellinus

583 1677 628 1708 et
654 1666 703 1709 L.
735 1668 906 1709 Marcius
935 1666 1135 1721 Philippus
1166 1665 1339 1706 consules
1371 1675 1501 1711 erant,
1538 1661 1710 1702 nondum
1750 1661 1974 1715 fingularem
1999 1662 2048 1703 de

588 1723 767 1763 sodalitiis
789 1725 964 1764 exstitisse
995 1725 1146 1775 legem,
1175 1732 1377 1772 propterea
1412 1720 1505 1759 mihi
1534 1720 1578 1759 fit
1600 1716 1838 1764 verosimile,
1875 1716 1985 1768 quod
2008 1719 2054 1759 li-

591 1779 763 1820 bidinosa
780 1778 842 1820 illa
861 1779 903 1819 P.
939 1778 1071 1821 Clodii
1101 1781 1229 1828 soror‚·
1258 1788 1357 1829 quae
1384 1786 1462 1817 tam
1483 1774 1558 1815 vita
1577 1785 1692 1826 quam
1724 1773 1895 1816 moribus
1920 1767 2058 1827 flagiti-

582 1834 657 1872 osa
677 1844 717 1870 ct
740 1833 888 1871 infamis
914 1837 1012 1875 fuit,
1044 1846 1090 1872 ut
1117 1846 1206 1871 eum
1243 1835 1356 1871 fratte
1392 1828 1624 1884 flagitiorum
1661 1841 1853 1868 cert-«nuncu
1887 1830 2057 1869 videatur

587 1888 741 1934 iniisse,
772 1900 821 1927 eo
842 1899 941 1927 anno
962 1886 1056 1928 falso
1081 1887 1257 1926 Marcum
1274 1888 1456 1927 Coelium
1473 1885 1656 1936 Equitem
1677 1882 1895 1924 Romanum
1918 1884 2058 1925 venefi-

593 1943 645 1983 cii
673 1943 874 1993 accusans,
904 1953 942 1981 et
965 1942 1069 1983 simul
1095 1944 1132 1982 ei
1152 1944 1293 1984 crimen
1312 1944 1475 1983 ambitus
1501 1953 1541 1983 et
1569 1939 1728 1982 sodalitii
1751 1939 1938 1994 objiciens
1960 1939 2059 1994 (7),

593 2010 676 2040 non
701 2011 750 2039 ex
774 2001 844 2040 hac
875 1998 960 2050 lege
985 1999 1130 2040 Licinia
1148 2002 1424 2041 accusationem
1451 2000 1555 2039 suam
1577 1997 1765 2048 instituit,
1801 2008 1901 2048 quae
1934 2006 2060 2035 tamen

2026 2062 2065 2091 et

592 2140 2064 2167 Μ

647 2206 714 2250 (4)
741 2205 773 2240 C
790 2207 940 2245 icero,
965 2205 1017 2239 ad
1029 2205 1106 2251 ῼμ.
1137 2205 1256 2239 Fratr.
1274 2203 1321 2238 L.
1341 2202 1396 2239 ll.
1412 2204 1488 2249 Ep.
1514 2218 1550 2250 3.

620 2256 713 2310 ·(·5)
742 2252 830 2287 sant
856 2250 966 2287 verba
996 2249 1205 2295 sigonii,
1229 2250 1270 2286 de
1286 2247 1449 2296 Judiciis
1468 2252 1510 2287 L.
1529 2247 1582 2288 ll.
1607 2248 1693 2296 Cap.
1718 2260 1778 2297 3ο.
1805 2246 1856 2288 ad
1875 2251 1980 2299 legem
1994 2243 2061 2290 LI!

590 2310 944 2395 mizlaebicero,
963 2353 1028 2392 pro
1050 2345 1191 2381 Plancio
1208 2344 1250 2382 C.
1275 2355 1341 2391 15,
1367 2358 1422 2383 20.

641 2400 708 2442 (7)
741 2393 932 2440 Cicero,
948 2403 1015 2440 pro
1039 2395 1147 2431 Coelio
1171 2394 1210 2431 C.
1234 2404 1269 2438 7.
1289 2395 1407 2442 ibique
1427 2397 1643 2441 interpretes·

1004 2571 1023 2583 A
